
@article{1948_Feynman,
	title = {Space-{Time} {Approach} to {Non}-{Relativistic} {Quantum} {Mechanics}},
	volume = {20},
	issn = {0034-6861},
	%url = {https://link.aps.org/doi/10.1103/RevModPhys.20.367},
	doi = {10.1103/RevModPhys.20.367},
	language = {en},
	number = {2},
	%urldate = {2021-05-12},
	journal = {Rev. Mod. Phys.},
	author = {Feynman, R. P.},
	%month = apr,
	year = {1948},
	pages = {367--387},
}


@article{1950_Hahn,
	title = {Spin {Echoes}},
	volume = {80},
	issn = {0031-899X},
	%url = {https://link.aps.org/doi/10.1103/PhysRev.80.580},
	doi = {10.1103/PhysRev.80.580},
	language = {en},
	number = {4},
	%urldate = {2021-05-12},
	journal = {Phys. Rev.},
	author = {Hahn, E. L.},
	%month = nov,
	year = {1950},
	pages = {580--594},
}

@article{1954_Carr,
	title = {Effects of {Diffusion} on {Free} {Precession} in {Nuclear} 
    {Magnetic} {Resonance} {Experiments}},
	volume = {94},
	issn = {0031-899X},
	%url = {https://link.aps.org/doi/10.1103/PhysRev.94.630},
	doi = {10.1103/PhysRev.94.630},
	language = {en},
	number = {3},
	%urldate = {2022-07-08},
	journal = {Phys. Rev.},
	author = {Carr, H. Y. and Purcell, E. M.},
	%month = may,
	year = {1954},
	pages = {630--638},
}

@article{1958_Gordon,
	title = {Microwave Spin Echoes from Donor Electrons in Silicon},
	volume = {1},
	doi = {10.1103/PhysRevLett.1.368},
	journal = {Phys. Rev. Lett.},
	author = {Gordon, J. P. and Bowers, K. D.},
	year = {1958},
    pages = {368-370},
}

@article{1960_Blumberg,
	title = {Nuclear {Spin}-{Lattice} {Relaxation} {Caused} by {Paramagnetic} 
    {Impurities}},
	volume = {119},
	issn = {0031-899X},
	%url = {https://link.aps.org/doi/10.1103/PhysRev.119.79},
	doi = {10.1103/PhysRev.119.79},
	language = {en},
	number = {1},
	%urldate = {2022-07-07},
	journal = {Phys. Rev.},
	author = {Blumberg, W. E.},
	%month = jul,
	year = {1960},
	pages = {79--84},
}

@book{1961_Abragam,
	title = {Principles of {Nuclear} {Magnetism}},
	publisher = {Oxford University Press},
	author = {Abragam, Anatole},
	year = {1961},
}

@article{1961_Meiboom,
    title = {Nuclear Magnetic Resonance Study of the Proton Transfer in Water},
    author = {Meiboom, S.},  
    journal  = {J. Chem. Phys.},
    year = {1961},
    volume = {34},
    pages = {375-388},
}
  
@article{1961_mims,
    title = {Spectral {Diffusion} in {Electron} {Resonance} {Lines}},
	volume = {123},
	doi = {10.1103/PhysRev.123.2059},
	number = {6},
	journal = {Phys. Rev.},
	author = {Mims, W. B. and Nassau, K. and McGee, J. D.},
	year = {1961},
	pages = {2059-2069},
}

@article{1962_Klauder,
    title = {Spectral Diffusion Decay in Spin Resonance
	Experiments.},
    author = {Klauder, J. R. and Anderson, P. W.},  
    journal  = {Phys. Rev.},
    year = {1962},
    volume = {125}, 
    pages = {912-932},
}

@book{1963_glycerine,
  title = {Physical Properties of Glycerine and Its Solutions},
  publisher = {Glyerine Producers’ Association: New York, NY}, 
  year ={1963},
}


@article{1965_Freed,
	title = {
           Quantum {Effects} of {Methyl}‐{Group} {Rotations} in {Magnetic} 
           {Resonance}: {ESR} {Splittings} and {Linewidths}
          },
	volume = {43},
	issn = {0021-9606, 1089-7690},
	shorttitle = {Quantum {Effects} of {Methyl}‐{Group} {Rotations} in {Magnetic} 
    {Resonance}},
	%url = {http://aip.scitation.org/doi/10.1063/1.1696995},
	doi = {10.1063/1.1696995},
	language = {en},
	number = {5},
	%urldate = {2020-08-07},
	journal = {J. Chem. Phys.},
	author = {Freed, Jack H.},
	%month = sep,
	year = {1965},
	pages = {1710--1720},
}

@article{1965_Freed_double,
	title = {Theory of {Saturation} and {Double}‐{Resonance} {Effects} in {ESR} 
    {Spectra}},
	volume = {43},
	issn = {0021-9606, 1089-7690},
	%url = {http://aip.scitation.org/doi/10.1063/1.1697128},
	doi = {10.1063/1.1697128},
	language = {en},
	number = {7},
	%urldate = {2021-09-22},
	journal = {J. Chem. Phys.},
	author = {Freed, Jack H.},
	%month = oct,
	year = {1965},
	pages = {2312--2332},
}

@article{1965_Rowan,
    title = {Electron-Spin-Echo Envelope Modulation},
    author = {Rowan, L. G. and Hahn, E. L. and Mims, W. B.},
    journal = {Phys. Rev.},
    year = {1965},
    volume = {137},
    pages = {A61-A71},
}

@article{1968_Apaydin,
	title = {Nuclear magnetic resonance line shapes of methyl groups undergoing 
    tunnelling rotation},
	volume = {1},
	issn = {00223719},
	%url = {https://iopscience.iop.org/article/10.1088/0022-3719/1/4/313},
	doi = {10.1088/0022-3719/1/4/313},
	language = {en},
	number = {4},
	%urldate = {2021-07-07},
	journal = {J. Phys. C: Solid State Phys.},
	author = {Apaydin, F and Clough, S},
	%month = aug,
	year = {1968},
	pages = {932--939},
}


@article{1968_Mims,
	title = {Phase {Memory} in {Electron} {Spin} {Echoes}, {Lattice} {Relaxation} 
    {Effects} in {CaW} {O} 4 : {Er}, {Ce}, {Mn}},
	volume = {168},
	issn = {0031-899X},
	shorttitle = {Phase {Memory} in {Electron} {Spin} {Echoes}, {Lattice} 
    {Relaxation} {Effects} in {CaW} {O} 4},
	%url = {https://link.aps.org/doi/10.1103/PhysRev.168.370},
	doi = {10.1103/PhysRev.168.370},
	language = {en},
	number = {2},
	%urldate = {2021-05-08},
	journal = {Phys. Rev.},
	author = {Mims, W. B.},
	%month = apr,
	year = {1968},
	pages = {370--389},
}

@article{1969_Zhidomirov,
    title = {Contribution to the Theory of Spectral Diffusion in Magnetically 
      Diluted Solids},
    author = {Zhidomirov, G. M. and Salikhov, K. M.},  
    journal = {Sov. Phys. J. Exp. Theor. Phys.},
    year = {1969},
    volume = {29}, 
    pages = {1037-1040},
}

@article{1972_Mims,
    title = {Envelope Modulation in Spin-Echo Experiments},
    author = {Mims, W. B.},  
    journal = {Phys. Rev. B},
    year = {1972},
    volume = {5}, 
    pages = {2409-2419},
}
  
@article{1973_Milov,
    title = {Phase Relaxation of Hydrogen Atoms Stabilized in an Amorphous Matrix},
    author = {Milov, A. D. and Salikhov, K. M. and Tsvetkov, Y. D.},  
    journal = {Sov. Phys. Solid State},
    year = {1973},
    volume = {15}, 
    pages = {802-806},
}

@article{1973_Brown,
    title = {Concentration Dependent Relaxation Times in Organic Radical 
      Solids.},
    author = {Brown, I. M.},  
    journal = {J. Chem. Phys.},
    year = {1973},
    volume = {58}, 
    pages = {4242-4250},
}

@book{1973_CRC,
  title     = {Handbook of Chemistry and Physics, 54th ed.},
  author    = {Weast, R.},
  year      = {1973},
  publisher = {CRC Press},
  address   = {Boca Raton, Florida},
}

@article{1974_Hu,
    title = {Theory of Spectral Diffusion Decay Using an 
      Uncorrelated-Sudden-Jump Model},
    author = {Hu, P. and Hartmann, S. R.},  
    journal = {Phys. Rev. B},
    year = {1974},
    volume = {9}, 
    pages = {1-13},
}


@article{1974_Punkkinen,
	title = {Nonexponential nuclear {Zeeman} relaxation of tunnelling methyl 
    groups},
	volume = {7},
	issn = {0022-3719},
	%url = {https://iopscience.iop.org/article/10.1088/0022-3719/7/18/023},
	doi = {10.1088/0022-3719/7/18/023},
	language = {en},
	number = {18},
	%urldate = {2020-08-07},
	journal = {J. Phys. C: Solid State Phys.},
	author = {Punkkinen, M and Clough, S},
	%month = sep,
	year = {1974},
	pages = {3403--3412},
}

@article{1975_Edmonds,
    author = {Edmonds, D. T. and Mackay, A. L.},
    title = {The Pure Quadrupole Resonance of the Deuteron in Ice},
    journal = {J. Magn. Reson.},
    year = {1975},
    volume = {20},
    pages = {515–519},
} 
    
@article{1975_Edmonds_2,
    author = {Edmonds, D. T. and Hunt, M. J. and Mackay, A. L.},
    title = {Deuteron Interactions in Pure Quadrupole Resonance},
    journal = {J. Magn. Reson.},
    year = {1975},
    volume = {25},
    pages = {505-514},
}


@article{1976_Alefeld,
	title = {The methyl group rotation barrier of dimethylacetylene in the solid 
    state at 4.5 {K}},
	volume = {57},
	issn = {03759601},
	%url = {https://linkinghub.elsevier.com/retrieve/pii/0375960176900694},
	doi = {10.1016/0375-9601(76)90069-4},
	language = {en},
	number = {3},
	%urldate = {2022-07-18},
	journal = {Phys. Lett. A},
	author = {Alefeld, B. and Kollmar, A.},
	%month = jun,
	year = {1976},
	pages = {289--290},
}

@article{1977_Edmonds,
    author = {Edmonds, D. T. and Goren, S. D. and White, A. A. L. and 
      Sherman, W. F.},
    title = {Nuclear Quadrupole Resonance of {$^2$D} and {$^{17}$O} in Ices 
      {V}, {VI}, {VIII}, and {IX}},
    journal = {J. Magn. Reson.}, 
    year = {1977},
    volume = {27},
    pages = {35-44},    
}

@incollection{1979_Brown,
  title       = {Electron spin-echo studies of relaxation processes in 
    molecular solids},
  author      = {Brown, I.},
  editor      = {Kevan, L. and Schwartz, R.},
  booktitle   = {Time Domain Electron Spin Resonance},
  publisher   = {John Wiley \& Sons},
  address     = {New York},
  year        = {1979},
  pages       = {195-229},
 }

@incollection{1979_Salikhov,
  title       = {Electron spin-echo studies of spin-spin interactions in 
    solids},
  author      = {Salikhov, K. M. and Tsvetkov, Y. D.},
  editor      = {Kevan, L. and Schwartz, R.},
  booktitle   = {Time Domain Electron Spin Resonance},
  publisher   = {John Wiley \& Sons},
  address     = {New York},
  year        = {1979},
  pages       = {279-341},
 }


@article{1981_Dreizier,
  title={Centrifugal Distortion and Internal Rotation Analysis in the Ground State of Trans N-Propanol},
  author={H. Dreizier and Flavio Scappini},
  journal={Z. Naturforsch},
  year={1981},
  volume={36},
  pages={1187 - 1191}
}

@article{1981_Milov,
	title = {Application of the double resonance method to electron spin echo 
    {In} a study of the spatial distribution of paramagnetic centers in solids},
	volume = {23},
	number = {4},
	journal = {Sov. Phys. Solid State},
	author = {Milov, A D and Salikhov, K. M. and Shchirov, M. D.},
	year = {1981},
	pages = {975--982},
}


@book{1981_Press,
	address = {Berlin Heidelberg New York},
	series = {Springer tracts in modern physics},
	title = {Single-particle rotations in molecular crystals},
  %isbn = {978-3-540-10897-9 978-0-387-10897-1},
	isbn = {978-0-387-10897-1},
	language = {eng},
	number = {92},
	publisher = {Springer Verlag},
	author = {Press, Werner},
	year = {1981},
}

@book{1982_Chesnut,
	address = {Malabar, Fla},
	edition = {Reprint 1982 (with corrections)},
	title = {Finite groups and quantum theory},
	isbn = {978-0-89874-468-2},
	publisher = {R.E. Krieger Pub. Co},
	author = {Chesnut, D. B.},
	year = {1982},
	keywords = {Finite groups, Quantum theory},
}

@article{1982_Hewson,
	title = {The temperature dependence of inelastic neutron scattering in 
    rotational tunnelling systems. {I}. {Formulation} and perturbation theory},
	volume = {15},
	issn = {0022-3719},
	%url = {https://iopscience.iop.org/article/10.1088/0022-3719/15/18/003},
	doi = {10.1088/0022-3719/15/18/003},
	language = {en},
	number = {18},
	%urldate = {2021-05-12},
	journal = {J. Phys. C: Solid State Phys.},
	author = {Hewson, A C},
	%month = jun,
	year = {1982},
	pages = {3841--3853},
}

@article{1983_Clough,
	title = {The number of spin symmetry species of tunnelling molecular groups},
	volume = {16},
	issn = {0022-3719},
	%url = {https://iopscience.iop.org/article/10.1088/0022-3719/16/30/006},
	doi = {10.1088/0022-3719/16/30/006},
	language = {en},
	number = {30},
	%urldate = {2021-09-25},
	journal = {J. Phys. C: Solid State Phys.},
	author = {Clough, S and McDonald, P J},
	%month = oct,
	year = {1983},
	pages = {5753--5764},
}


@article{1983_Stevens,
	title = {The theory of planar methyl rotation},
	volume = {16},
	issn = {0022-3719},
	%url = {https://iopscience.iop.org/article/10.1088/0022-3719/16/30/007},
	doi = {10.1088/0022-3719/16/30/007},
	language = {en},
	number = {30},
	%urldate = {2021-09-25},
	journal = {J. Phys. C: Solid State Phys.},
	author = {Stevens, K W H},
	%month = oct,
	year = {1983},
	pages = {5765--5772},
}


@article{1981_Salikhov,
    title = {The Theory of Electron Spin-Echo Signal Decay Resulting from 
      Dipole-Dipole Interactions between Paramagnetic Centers in Solids},
    author = {Salikhov, K. M. and Dzuba, S. A. and Raitsimring, A. M.},  
    journal  = {J. Magn. Reson.},
    year = {1981},
    volume = {42}, 
    pages = {255-276},
}


@article{1984_Milov_electron,
	title = {Electron--Electron Double Resonance in Electron Spin Echo: Model
    Biradical Systems and the Sensitized Photolysis of Decalin},
	author = {Milov, A. D. and Ponomarev, A. B. and Tsvetkov, Yu. D.},
	journal = {Chem. Phys. Lett.},
	year = {1984},
	volume = 110,
	number = 1,
	pages = {67-72},
}

%@article{1984_Milov_double,
%	title = {{ELECTRON-ELECTRON} {DOUBLE} {RESONANCE} {IN} {ELECTRON} {SPIN}
%    {ECHO}: {MODEL} 
%    {BIRADICAL} {SYSTEMS} {AND} {THE} {SENSITIZED} {PHOTOLYSIS} {OF} {DECALIN}},
%	language = {en},
%	author = {Milov, A D and Ponomarev, A B and Tsvetkov, Yu D},
%	year = {1984},
%	pages = {67-72},
%}

@article{1987_Peternelj,
	title = {Calculation of the energy spectrum and eigenfunctions for a model system of interacting \textit{{X}} {H} 3 groups in the low-temperature limit},
	volume = {36},
	issn = {0163-1829},
	url = {https://link.aps.org/doi/10.1103/PhysRevB.36.25},
	doi = {10.1103/PhysRevB.36.25},
	language = {en},
	number = {1},
	urldate = {2021-05-08},
	journal = {Phys. Rev. B},
	author = {Peternelj, J. and Jencic, I. and Cvikl, B. and Pintar, M. M.},
	month = jul,
	year = {1987},
	pages = {25--37},
}


@article{1987_Whittall,
	title = {Path integral approach to methyl group rotation},
	volume = {20},
	issn = {0022-3719},
	%url = {https://iopscience.iop.org/article/10.1088/0022-3719/20/11/007},
	doi = {10.1088/0022-3719/20/11/007},
	language = {en},
	number = {11},
	%urldate = {2020-08-07},
	journal = {J. Phys. C: Solid State Phys.},
	author = {Whittall, M W G and Gehring, G A},
	%month = apr,
	year = {1987},
	pages = {1619--1639},
}

@article{1987_Whittall_semiclassical,
	title = {Semiclassical approximation for methyl-group rotation},
	volume = {20},
	issn = {0305-4470, 1361-6447},
	url = {https://iopscience.iop.org/article/10.1088/0305-4470/20/12/048},
	doi = {10.1088/0305-4470/20/12/048},
	language = {en},
	number = {12},
	urldate = {2021-05-08},
	journal = {J. Phys. A: Math. Gen.},
	author = {Whittall, M W G and Gehring, G A},
	month = aug,
	year = {1987},
	pages = {4035--4037},

}


@article{1989_Peternelj,
	title = {Rotational tunneling of methyl groups in a strong magnetic field: 
    a path-integral approach},
	volume = {67},
	issn = {0008-4204, 1208-6045},
	shorttitle = {Rotational tunneling of methyl groups in a strong magnetic 
    field},
	doi = {10.1139/p89-187},
	language = {en},
	number = {11},
	journal = {Can. J. Phys.},
	author = {Peternelj, J. and Kodeli, I. and Pintar, M. M.},
	year = {1989},
	pages = {1085--1090},
}

@article{1989_Peternelj_ground,
	title = {Ground state tunnel splitting of the methyl group in a three-fold
    potential},
	volume = {22},
	issn = {0305-4470, 1361-6447},
	%url = {https://iopscience.iop.org/article/10.1088/0305-4470/22/11/031},
	doi = {10.1088/0305-4470/22/11/031},
	abstract = {An approximate value of tunnel splitting of the methyl-group 
    torsional ground state is obtained using the traditional methods of wave mechanics.},
	language = {en},
	number = {11},
	%urldate = {2020-08-07},
	journal = {J. Phys. A: Math. Gen.},
	author = {Peternelj, J and Jencic, I},
	%month = jun,
	year = {1989},
	pages = {1941--1944},
}

@article{1989_Peternelj_quantum,
	title = {Quantum effect of magnetic flux on the energy levels of rigid 
    \textit{{X}} {H} 3 rotators},
	volume = {39},
	issn = {0163-1829},
	%url = {https://link.aps.org/doi/10.1103/PhysRevB.39.6374},
	doi = {10.1103/PhysRevB.39.6374},
	language = {en},
	number = {10},
	%urldate = {2020-08-07},
	journal = {Phys. Rev. B},
	author = {Peternelj, J. and Jeni, I. and Cvikl, B. and Pintar, M. M.},
	%month = apr,
	year = {1989},
	pages = {6374--6380},
}

@article{1990_VanOort,
  title = {Optically Detected Low Field Electron Spin Echo Envelope Modulations 
    of Fluorescent N-V Centers in Diamond},
  author = {Van Oort, E. and Glasbeek, M.},  
  journal  = {Chem. Phys.},
  year = {1990},
  volume = {143}, 
  pages = {131-140},
}

@book{1990_Emsley,
	address = {Oxford},
	edition = {1. publ., reprinted (with corr.)},
	title = {The elements},
	language = {eng},
	publisher = {Clarendon Pr},
	author = {Emsley, John},
	year = {1990},
}

@article{1993_Larsen,
    title = {Double electron--electron resonance spin-echo modulation: 
      Spectroscopic measurement of eletron spin pair separations in 
      orientationally disordered solids},
    author = {Larsen, R. G. and Singel, D. J.},  
    journal  = {J. Chem. Phys.},
    year = {1993},
    volume = {98}, 
    pages = {5134-5146},
}

@article{1993_Steiner,
    author = {Steiner, T. and Saenger, W.},
    title = {Distribution of Observed {C}-{H} Bond Lengths in Neutron Crystal 
      Structures and Temperature Dependence of the Mean Values},
    journal = {Acta Cryst.},
    year = 1993,
    volume = {A49},
    pages = {379--384}
}

@article{1995_Agmon,
    title = {The Grotthuss Mechanism},
    author = {Agmon, N.},  
    journal  = {Chem. Phys. Lett.},
    year = {1995},
    volume = {244}, 
    pages = {456-462},
}

@book{1995_Peskin_Schroeder,
	address = {Reading, Mass},
	title = {An Introduction to Quantum Field Theory},
	isbn = {978-0-201-50397-5},
	publisher = {Addison-Wesley Pub. Co},
	author = {Peskin, Michael Edward and Schroeder, Daniel V.},
	year = {1995},
	keywords = {Feynman diagrams, Gauge fields (Physics), Quantum field theory, 
    Renormalization (Physics)},
}


@article{1996_Peternelj,
	title = {Rotational motion of methyl groups in solids},
	volume = {54},
	issn = {0163-1829, 1095-3795},
	%url = {https://link.aps.org/doi/10.1103/PhysRevB.54.955},
	doi = {10.1103/PhysRevB.54.955},
	language = {en},
	number = {2},
	%urldate = {2021-09-25},
	journal = {Phys. Rev. B},
	author = {Peternelj, J. and Kranjc, T. and Pintar, M. M.},
	%month = jul,
	year = {1996},
	pages = {955--961},

}

@article{1997_Lindgren,
	title = {Electron spin echo decay as a probe of aminoxyl environment in 
    spin-labeled mutants of human carbonic anhydrase {II} †},
	issn = {03009580, 13645471},
	doi = {10.1039/a702470c},
	language = {en},
	number = {12},
	journal = {J. Chem. Soc., Perkin Trans. 2},
	author = {Lindgren, Mikael and Eaton, Gareth R. and Eaton, Sandra S. and 
    Jonsson, Bengt-Harald and Hammarström, Per and Svensson, Magdalena and 
    Carlsson, Uno},
	year = {1997},
	pages = {2549-2554},
}


@article{1997_Peternelj,
	title = {Decoherence effects in case of molecular rotations in solids},
	volume = {240},
	issn = {09214526},
	%url = {https://linkinghub.elsevier.com/retrieve/pii/S0921452697004419},
	doi = {10.1016/S0921-4526(97)00441-9},
	language = {en},
	number = {4},
	%urldate = {2021-05-08},
	journal = {Physica B: Condens. Matter},
	author = {Peternelj, J. and Kranjc, T.},
	%month = oct,
	year = {1997},
	pages = {343--352},
}


@article{1997_Prager,
	title = {Rotational {Tunneling} and {Neutron} {Spectroscopy}: {A} 
    {Compilation}},
	volume = {97},
	issn = {0009-2665, 1520-6890},
	shorttitle = {Rotational {Tunneling} and {Neutron} {Spectroscopy}},
	%url = {https://pubs.acs.org/doi/10.1021/cr9500848},
	doi = {10.1021/cr9500848},
	language = {en},
	number = {8},
	%urldate = {2022-06-22},
	journal = {Chem. Rev.},
	author = {Prager, M. and Heidemann, A.},
	%month = dec,
	year = {1997},
	pages = {2933--2966},
}

@article{1997_Romanelli,
	title = {Evaluation and interpretation of electron spin-echo decay part {I}: 
    {Rigid} samples},
	volume = {9},
	issn = {1043-7347, 1099-0534},
	shorttitle = {Evaluation and interpretation of electron spin-echo decay part 
    {I}},
	%url = {https://onlinelibrary.wiley.com/doi/10.1002/(SICI)1099-0534(1997)9:6<403::AID-CMR3>3.0.CO;2-2},
	doi = {10.1002/(SICI)1099-0534(1997)9:6<403::AID-CMR3>3.0.CO;2-2},
	language = {en},
	number = {6},
	%urldate = {2021-12-15},
	journal = {Concepts Magn Reson},
	author = {Romanelli, M. and Kevan, L.},
	year = {1997},
	pages = {403--430},
}

@article{1998_Burkard,
  title={Coupled quantum dots as quantum gates},
  author={Guido Burkard and Daniel Loss and David P. DiVincenzo},
  journal={Phys. Rev. B},
  year={1998},
  volume={59},
  pages={2070-2078}
}

@article{1998_Martin,
	title = {Determination of {End}-to-{End} {Distances} in a {Series} of {TEMPO} 
    {Diradicals} of up to 2.8 nm {Length} with a {New} {Four}-{Pulse} {Double} 
    {Electron} {Electron} {Resonance} {Experiment}},
	volume = {37},
	language = {en},
	author = {Martin, Rainer E and Pannier, Matthias and Diederich, François and 
    Gramlich, Volker and Hubrich, Michael and Spiess, Hans W},
	year = {1998},
	pages = {2833--2837},
}

@article{1998_Romanelli,
	title = {Evaluation and interpretation of electron spin echo decay part {II}: 
    {Molecular} motions},
	volume = {10},
	issn = {1043-7347, 1099-0534},
	shorttitle = {Evaluation and interpretation of electron spin echo decay part 
    {II}},
	%url = {https://onlinelibrary.wiley.com/doi/10.1002/(SICI)1099-0534(1998)10:1<1::AID-CMR1>3.0.CO;2-0},
	doi = {10.1002/(SICI)1099-0534(1998)10:1<1::AID-CMR1>3.0.CO;2-0},
	language = {en},
	number = {1},
	%urldate = {2021-12-16},
	journal = {Concepts Magn Reson},
	author = {Romanelli, M. and Kevan, L.},
	year = {1998},
	pages = {1--18},
}

@article{1998_Zecevic,
    title = {Dephasing of Electron Spin Echoes for Nitroxyl Radicals in Glassy 
      Solvents by Non-Methyl and Methyl Protons.},
    author = {Zecevic, A. and Eaton, G. R. and Eaton, S. S. and Lindgren, M.},
    journal = {Mol. Phys.},
    year = {1998},
    volume = {95}, 
    pages = {1255-1263},
}


@article{1998_Verheul,
	title = {Aggregation of {L}-lactoglobulin and in£uence of {DPO}},
	language = {en},
	journal = {FEBS Lett.},
	author = {Verheul, Marleen},
	year = {1998},
	pages = {4},
}


@article{1999_Barbon,
	title = {Dynamics and spin relaxation of tempone in a host crystal. 
    {An} {ENDOR}, high Ðeld {EPR} and electron spin echo study¤},
	volume = {1},
	issn = {1463-9076},
	doi = {10.1039/a903380g},
	language = {en},
	journal = {Phys. Chem. Chem. Phys},
	author = {Barbon, Antonio and Brunel, Louis-Claude},
	year = {1999},
	pages = {4015--4023},
}

@article{1999_Clough,
	title = {Unification of the quantum and classical theories of methyl {NMR}},
	volume = {14},
	issn = {09262040},
	%url = {https://linkinghub.elsevier.com/retrieve/pii/S0926204099000168},
	doi = {10.1016/S0926-2040(99)00016-8},
	language = {en},
	number = {2},
	%urldate = {2020-08-07},
	journal = {Solid State Nucl. Magn. Reson.},
	author = {Clough, S.},
	%month = jul,
	year = {1999},
	pages = {73--79},
}


@book{1999_Coleman,
	address = {Cambridge},
	edition = {paperback ed., repr., transferred to digital print},
	title = {Aspects of symmetry: selected {Erice} {Lectures} of {Sidney} 
    {Coleman}},
	isbn = {978-0-521-31827-3},
	shorttitle = {Aspects of symmetry},
	language = {eng},
	publisher = {Cambridge Univ. Pr},
	author = {Coleman, Sidney},
	year = {1999},
}  

@article{1999_Horsewill,
	title = {Quantum tunnelling aspects of methyl group rotation studied by {NMR}},
	volume = {35},
	issn = {00796565},
	%url = {https://linkinghub.elsevier.com/retrieve/pii/S0079656599000163},
	doi = {10.1016/S0079-6565(99)00016-3},
	language = {en},
	number = {4},
	%urldate = {2020-08-07},
	journal = {Prog. Nucl, Magn. Reson. Spectrosc.},
	author = {Horsewill, A.J.},
	%month = dec,
	year = {1999},
	pages = {359--389},
}

@article{1999_Lebedev,
    author = {Lebedev, V.I. and Laikov, D.N.},
    title = {A quadrature formula for the sphere of the 131st algebraic order of accuracy},
    journal = {Dokl. Math.},
    year = {1999},
    volume = {59},
    pages = {477-481}
}

@incollection{2000_Eaton,
    title = {Relaxation Times of Organic Radicals and Transition Metal Ions},
    author = {Eaton, Sandra S. and Eaton, Gareth R.},  
    booktitle = {Distance Measurements in Biological Systems by EPR},  
    year = {2000},
    editor = {Berliner, Lawrence J. and Eaton, Sandra S. and Eaton, Gareth R.},	
    publisher = {Springer},
    address = {Boston, USA},
    language = {en},
    pages = {29--154},
    volume = {19}
}

@book{2000_Gradshteyn_table,
	edition = {6},
	title = {Table of {Integrals}, {Series}, and {Products}, {Sixth} {Edition}},
	isbn = {978-0-12-294757-5},
	language = {English},
	publisher = {Academic Press},
	author = {Gradshteyn, I. S. and Ryzhik, I. M. and Jeffrey, Alan and Zwillinger, Daniel},
	year = {2000},
}

@article{2000_Pannier,
	title = {Dead-{Time} {Free} {Measurement} of {Dipole}-{Dipole} {Interactions} between {Electron} {Spins}},
	volume = {142},
	doi = {10.1006/jmre},
	language = {en},
	journal = {J. Magn. Reson.},
	author = {Pannier, Matthias and Veit, S. and Jeschke, Gunnar and Spiess, H. W.},
	year = {2000},
	pages = {331--340},
}

@article{2001_Nevzorov,
    author = {Nevzorov, Alexander A. and Freed, Jack H.},
    title = {A many-body analysis of the effects of the matrix protons and their diffusional motion on electron spin resonance line shapes and electron spin echoes},
    journal = {J. Chem. Phys.},
    volume = {115},
    number = {6},
    pages = {2416-2429},
    year = {2001},
    doi = {10.1063/1.1382817}
}


@article{2001_Owenius,
	title = {Influence of {Solvent} {Polarity} and {Hydrogen} {Bonding} on the 
    {EPR} {Parameters} of a {Nitroxide} {Spin} {Label} {Studied} by 9-{GHz} and 
    95-{GHz} {EPR} {Spectroscopy} and {DFT} {Calculations}},
	volume = {105},
	issn = {1089-5639, 1520-5215},
	%url = {https://pubs.acs.org/doi/10.1021/jp0116914},
	doi = {10.1021/jp0116914},
	language = {en},
	number = {49},
	%urldate = {2021-05-08},
	journal = {J. Phys. Chem. A},
	author = {Owenius, Rikard and Engström, Maria and Lindgren, Mikael and Huber, Martina},
	%month = dec,
	year = {2001},
	pages = {10967--10977},
}


@article{2001_Huber,
	title = {Phase memory relaxation times of spin labels in human carbonic anhydrase {II}: pulsed {EPR} to determine spin label location},
	volume = {94},
    doi = {10.1016/S0301-4622(01)00239-3},
	number = {3},
	journal = {Biophys. Chem.},
	author = {Huber, M. and Lindgren, M. and Hammarström, P. and Mårtensson, L.-G. and Carlsson, U. and Eaton, G.R. and Eaton, S.S.},
	year = {2001},
	pages = {245-256},
}


@book{2001_Schweiger,
	address = {Oxford, UK ; New York},
	title = {Principles of Pulse Electron Paramagnetic Resonance},
	isbn = {978-0-19-850634-8},
	publisher = {Oxford University Press},
	author = {Schweiger, A. and Jeschke, Gunnar},
	year = {2001},
	keywords = {Electron paramagnetic resonance spectroscopy},
}


@article{2002_Baker,
	title = {The quantum pendulum: {Small} and large},
	volume = {70},
	issn = {0002-9505, 1943-2909},
	shorttitle = {The quantum pendulum},
	%url = {http://aapt.scitation.org/doi/10.1119/1.1456069},
	doi = {10.1119/1.1456069},
	language = {en},
	number = {5},
	%urldate = {2022-07-12},
	journal = {Am. J. Phys.},
	author = {Baker, G. L. and Blackburn, J. A. and Smith, H. J. T.},
	%month = may,
	year = {2002},
	pages = {525--531},
}

@article{2003_Dimeo,
	title = {Visualization and measurement of quantum rotational dynamics},
	volume = {71},
	issn = {0002-9505, 1943-2909},
	%url = {http://aapt.scitation.org/doi/10.1119/1.1538575},
	doi = {10.1119/1.1538575},
	language = {en},
	number = {9},
	%urldate = {2021-05-08},
	journal = {Am. J. Phys.},
	author = {Dimeo, R. M.},
	%month = sep,
	year = {2003},
	pages = {885--893},
}

@article{2003_Harbridge,
	title = {Comparison of electron spin relaxation times measured by {Carr}–{Purcell}–{Meiboom}–{Gill} and two-pulse spin-echo sequences},
	volume = {164},
	issn = {10907807},
	%url = {https://linkinghub.elsevier.com/retrieve/pii/S1090780703001824},
	doi = {10.1016/S1090-7807(03)00182-4},
	language = {en},
	number = {1},
	%urldate = {2022-07-08},
	journal = {J. Magn Reson.},
	author = {Harbridge, James R and Eaton, Sandra S and Eaton, Gareth R},
	%month = sep,
	year = {2003},
	pages = {44--53},
}

@article{2003_Kulik,
	title = {Electron {Spin}--{Echo} {Envelope} {Modulation} {Induced} by {Slow} {Intramolecular} {Motion}},
	volume = {107},
	issn = {1089-5639, 1520-5215},
	%url = {https://pubs.acs.org/doi/10.1021/jp027764g},
	doi = {10.1021/jp027764g},
	language = {en},
	number = {19},
	%urldate = {2021-02-19},
	journal = {J. Phys. Chem. A},
	author = {Kulik, Leonid V. and Grigor'ev, Igor A. and Salnikov, Evgenii S. and Dzuba, Sergei A. and Tsvetkov, Yuri D.},
	%month = may,
	year = {2003},
	pages = {3692--3695},
}


@article{2004_Latanowicz,
	title = {Proton {Spin}−{Lattice} {Relaxation} of {Tunneling} {Methyl} {Groups}: {Calculation} of the {Time} {Dependent} {Correlation} {Functions}},
	volume = {108},
	issn = {1089-5639, 1520-5215},
	shorttitle = {Proton {Spin}−{Lattice} {Relaxation} of {Tunneling} {Methyl} {Groups}},
	%url = {https://pubs.acs.org/doi/10.1021/jp047668a},
	doi = {10.1021/jp047668a},
	language = {en},
	number = {51},
	%urldate = {2022-07-12},
	journal = {J. Phys. Chem. A},
	author = {Latanowicz, L.},
	%month = dec,
	year = {2004},
	pages = {11172--11182},
}


@book{2006_Bunker,
	address = {Ottawa},
	edition = {2. ed},
	series = {{NRC}},
	title = {Molecular symmetry and spectroscopy},
	isbn = {978-0-660-19628-2},
	language = {en},
	number = {46853},
	publisher = {NRC Research Press},
	author = {Bunker, Philip R. and Jensen, Per},
	year = {2006},
}


@article{2006_Childress,
    title = {Coherent Dynamics of Coupled Electron and Nuclear Spin Qubits in Diamond},
    author = {Childress, L. and Gurudev Dutt, M. V. and Taylor, J. M. and Zibrov, A. S. and Jelezko, F. and Wrachtrup, J. and Hemmer, P. R. and Lukin, M. D.},  
    journal  = {Science},
    year = {2006},
    volume = {314}, 
    pages = {281-285},
}

@article{2006_Gaebel,
	title = {Room-temperature coherent coupling of single spins in diamond},
	volume = {2},
	issn = {1745-2473, 1745-2481},
	url = {http://www.nature.com/articles/nphys318},
	doi = {10.1038/nphys318},
	language = {en},
	number = {6},
	urldate = {2021-11-23},
	journal = {Nat. Phys.},
	author = {Gaebel, Torsten and Domhan, Michael and Popa, Iulian and Wittmann, Christoffer and Neumann, Philipp and Jelezko, Fedor and Rabeau, James R. and Stavrias, Nikolas and Greentree, Andrew D. and Prawer, Steven and Meijer, Jan and Twamley, Jason and Hemmer, Philip R. and Wrachtrup, Jörg},
	month = jun,
	year = {2006},
	pages = {408--413},
}

 @article{2006_Abe,
	title = {Pulsed {EPR} study of spin coherence time of {P} donors in isotopically controlled {Si}},
	volume = {376-377},
	doi = {10.1016/j.physb.2005.12.009},
	language = {en},
	journal = {Physica B: Condens. Matter},
	author = {Abe, Eisuke and Isoya, Junichi and Itoh, Kohei M.},
	year = {2006},
	pages = {28-31},
} 

@article{2006_Witzel_DasSarma,
    title = {Quantum theory for electron spin decoherence induced by nuclear spin dynamics in semiconductor quantum computer architectures: Spectral diffusion of localized electron spins in the nuclear solid-state environment},
    author = {Witzel, W. and Das Sarma, S.},  
    journal  = {Phys. Rev. B},
    year = {2006},
    volume = {74},
    pages = {035322},
}

@article{2007_Jeschke,
	title = {Distance measurements on spin-labelled biomacromolecules by pulsed electron paramagnetic resonance},
	volume = {9},
	issn = {1463-9076, 1463-9084},
	%url = {http://xlink.rsc.org/?DOI=b614920k},
	doi = {10.1039/b614920k},
	language = {en},
	number = {16},
	%urldate = {2021-11-23},
	journal = {Phys. Chem. Chem. Phys.},
	author = {Jeschke, Gunnar and Polyhach, Yevhen},
	year = {2007},
	pages = {1895},
}

@article{2007_Kuprov,
    title = {Polynomially Scaling Spin Dynamics Simulation Algorithm Based on 
      Adaptive State-Space Restriction},
    author = {Kuprov, I. and Wagner-Rundell, N. and Hore, P. J.},
    journal  = {J. Magn. Reson.},
    year = {2007},
    volume = {189},
    pages = {241-250},
    doi = {10.1016/j.jmr.2007.09.014},
}
  
@article{2007_Saikin,
    title = {Single-Electron Spin Decoherence by Nuclear Spin Bath: Linked-Cluster Expansion Approach},
    author = {Saikin, S. K. and Yao, W. and Sham, L. J.},  
    journal  = {Phys. Rev. B},
    year = {2007},
    volume = {75},
    pages = {125314},
}


@article{2007_Xue,
	title = {Methyl {Rotation} {Barriers} in {Proteins} from $^{\textrm{2}}$ {H} {Relaxation} {Data}. {Implications} for {Protein} {Structure}},
	volume = {129},
	issn = {0002-7863, 1520-5126},
	%url = {https://pubs.acs.org/doi/10.1021/ja0702061},
	doi = {10.1021/ja0702061},
	language = {en},
	number = {21},
	%urldate = {2020-08-07},
	journal = {J. Am. Chem. Soc.},
	author = {Xue, Yi and Pavlova, Maria S. and Ryabov, Yaroslav E. and Reif, Bernd and Skrynnikov, Nikolai R.},
	%month = may,
	year = {2007},
	pages = {6827--6838},
}

@article{2008_Goldfarb,
	title = {{HYSCORE} and {DEER} with an upgraded {95GHz} pulse {EPR} spectrometer},
	volume = {194},
	issn = {10907807},
	%url = {https://linkinghub.elsevier.com/retrieve/pii/S1090780708001869},
	doi = {10.1016/j.jmr.2008.05.019},
	language = {en},
	number = {1},
	%urldate = {2022-07-10},
	journal = {J. Magn. Reson.},
	author = {Goldfarb, Daniella and Lipkin, Yaakov and Potapov, Alexey and Gorodetsky, Yehoshua and Epel, Boris and Raitsimring, Arnold M. and Radoul, Marina and Kaminker, Ilia},
	%month = sep,
	year = {2008},
	pages = {8--15},
}


@article{2008_Hanson,
	title = {Is quantum mechanics necessary for understanding magnetic resonance?},
	volume = {32A},
	issn = {15466086, 15525023},
	url = {https://onlinelibrary.wiley.com/doi/10.1002/cmr.a.20123},
	doi = {10.1002/cmr.a.20123},
	language = {en},
	number = {5},
	urldate = {2023-08-02},
	journal = {Concepts Magn. Reson.},
	author = {Hanson, Lars G.},
	month = sep,
	year = {2008},
	pages = {329--340},

}

@article{2008_Hur,
	title = {Entanglement entropy, decoherence, and quantum phase transitions of a dissipative two-level system},
	volume = {323},
	issn = {00034916},
	doi = {10.1016/j.aop.2007.12.003},
	language = {en},
	number = {9},
	journal = {Ann. Phys. (N. Y.)},
	author = {Hur, K. Le},
	%month = sep,
	year = {2008},
	pages = {2208-2240},
	}


@article{2008_Jo,
	title = {{CHARMM}-{GUI}: {A} web-based graphical user interface for {CHARMM}},
	volume = {29},
	issn = {01928651},
	shorttitle = {{CHARMM}-{GUI}},
	url = {https://onlinelibrary.wiley.com/doi/10.1002/jcc.20945},
	doi = {10.1002/jcc.20945},
	language = {en},
	number = {11},
	urldate = {2022-07-24},
	journal = {J. Comput. Chem.},
	author = {Jo, Sunhwan and Kim, Taehoon and Iyer, Vidyashankara G. and Im, Wonpil},
	%month = aug,
	year = {2008},
	pages = {1859--1865},
}

@book{2008_Levitt,
	address = {Chichester, England ; Hoboken, NJ},
	edition = {2nd ed},
	title = {Spin dynamics: basics of nuclear magnetic resonance},
	isbn = {978-0-470-51118-3},
  % 978-0-470-51117-6,
	shorttitle = {Spin dynamics},
	publisher = {John Wiley \& Sons},
	author = {Levitt, Malcolm H.},
	year = {2008},
	note = {OCLC: ocn141380283},
	keywords = {Nuclear spin, Nuclear magnetic resonance},
}

@article{2008_Maze,
    title = {Electron Spin Decoherence of Single Nitrogen-Vacancy Defects in Diamond},
    author = {Maze, J. R. and Taylor, J. M. and Lukin, M. D.},  
    journal  = {Phys. Rev. B},
    year = {2008},
    volume = {7}, 
    pages = {094303},
  }

@article{2008_Yang_Liu,
    title = {Quantum many-body theory of qubit decoherence in a finite-size spin bath baths},
    author = {Yang, W. and Liu, R.-B.},  
    journal = {Phys. Rev. B},
    year = {2008},
    volume = {78}, 
    pages = {085315},
}

@article{2008_Coish_exponential,
	title = {Exponential decay in a spin bath},
	volume = {77},
	issn = {1098-0121, 1550-235X},
	%url = {https://link.aps.org/doi/10.1103/PhysRevB.77.125329},
	doi = {10.1103/PhysRevB.77.125329},
	language = {en},
	number = {12},
	%urldate = {2021-05-08},
	journal = {Phys. Rev. B},
	author = {Coish, W. A. and Fischer, Jan and Loss, Daniel},
	%month = mar,
	year = {2008},
	pages = {125329},
}


  
@article{2009_Balasubramanian,
	title = {Ultralong spin coherence time in isotopically engineered diamond},
	volume = {8},
	issn = {1476-1122, 1476-4660},
	doi = {10.1038/nmat2420},
	language = {en},
	number = {5},
	journal = {Nat. Mater.},
	author = {Balasubramanian, Gopalakrishnan and Neumann, Philipp and Twitchen, Daniel and Markham, Matthew and Kolesov, Roman and Mizuochi, Norikazu and Isoya, Junichi and Achard, Jocelyn and Beck, Johannes and Tissler, Julia and Jacques, Vincent and Hemmer, Philip R. and Jelezko, Fedor and Wrachtrup, Jörg},
	%month = may,
	year = {2009},
	pages = {383-387},
}  

	
@article{2009_Butler,
    title = {Dynamics of Large Nuclear-Spin Systems from Low-Order Correlations in Liouville Space},
    author = {Butler, M. C. and Dumez, J.-N. and Emsley, L.},
    journal  = {Chem. Phys. Lett.},
    year = {209},
    volume = {477}, 
    pages = {377-381},
}
	

@article{2009_Stoll,
	title = {General and efficient simulation of pulse {EPR} spectra},
	volume = {11},
	issn = {1463-9076, 1463-9084},
	%url = {http://xlink.rsc.org/?DOI=b907277b},
	doi = {10.1039/b907277b},
	language = {en},
	number = {31},
	%urldate = {2022-07-13},
	journal = {Phys. Chem. Chem. Phys.},
	author = {Stoll, Stefan and Britt, R. David},
	year = {2009},
	pages = {6614},
}

@article{2009_Yang_Liu,
    title = {Quantum many-body theory of qubit decoherence in a finite-size spin bath. II. Ensemble dynamics},
    author = {Yang, W. and Liu, R.-B.},
    journal  = {Phys. Rev. B},
    year = {2009},
    volume = {79}, 
    pages = {115320},
}


@article{2010_Dastvan,
	title = {Optimization of {Transversal} {Relaxation} of {Nitroxides} for {Pulsed} {Electron}−{Electron} {Double} {Resonance} {Spectroscopy} in {Phospholipid} {Membranes}},
	volume = {114},
	issn = {1520-6106, 1520-5207},
	%url = {https://pubs.acs.org/doi/10.1021/jp1060039},
	doi = {10.1021/jp1060039},
	language = {en},
	number = {42},
	%urldate = {2022-07-10},
	journal = {J. Phys. Chem. B},
	author = {Dastvan, Reza and Bode, Bela E. and Karuppiah, Muruga Poopathi Raja and Marko, Andriy and Lyubenova, Sevdalina and Schwalbe, Harald and Prisner, Thomas F.},
	%month = oct,
	year = {2010},
	pages = {13507--13516},
}

@article{2010_Dumez,
    title = {Numerical Simulation of Free Evolution in Solid-State Nuclear Magnetic Resonance Using Low-Order Correlations in Liouville Space},
    author = {Dumez, J.-N. and Butler, M. C. and Emsley, L.},  
    journal  = {J. Chem. Phys.},
    year = {2010},
    volume = {133}, 
    pages = {224501},
}

@article{2010_Hogben,
	title = {Strategies for state space restriction in densely coupled spin systems with applications to spin chemistry},
	volume = {132},
	issn = {0021-9606, 1089-7690},
	%url = {http://aip.scitation.org/doi/10.1063/1.3398146},
	doi = {10.1063/1.3398146},
	language = {en},
	number = {17},
	%urldate = {2021-05-12},
	journal = {J. Chem. Phys.},
	author = {Hogben, H. J. and Hore, P. J. and Kuprov, Ilya},
	%month = may,
	year = {2010},
	pages = {174101},
}

@book{2010_Nielsen,
	address = {Cambridge ; New York},
	edition = {10th anniversary ed},
	title = {Quantum computation and quantum information},
	isbn = {978-1-107-00217-3},
	publisher = {Cambridge University Press},
	author = {Nielsen, Michael A. and Chuang, Isaac L.},
	year = {2010},
} 

@article{2010_Ward,
    author = {Richard Ward and Andrew Bowman and Erman Sozudogru and Hassane El-Mkami and Tom Owen-Hughes and David G. Norman},
    title = {EPR distance measurements in deuterated proteins},
    journal = {J. Magn. Reson.},
    volume = {207},
    number = {1},
    pages = {164-167},
    year = {2010},
    doi = {10.1016/j.jmr.2010.08.002},
}

@article{2011_Oganesyan,
	title = {A general approach for prediction of motional {EPR} spectra from {Molecular} {Dynamics} ({MD}) simulations: application to spin labelled protein},
	volume = {13},
	issn = {1463-9076, 1463-9084},
	shorttitle = {A general approach for prediction of motional {EPR} spectra from {Molecular} {Dynamics} ({MD}) simulations},
	%url = {http://xlink.rsc.org/?DOI=c0cp01068e},
	doi = {10.1039/c0cp01068e},
	language = {en},
	number = {10},
	%urldate = {2021-12-16},
	journal = {Phys. Chem. Chem. Phys.},
	author = {Oganesyan, Vasily S.},
	year = {2011},
	pages = {4724},
}


@article{2011_Shapiro,
	title = {Methyl {Dynamics} of a {Ca} $^{\textrm{2+}}$ −{Calmodulin}−{Peptide} {Complex} from {NMR}/{SRLS}},
	volume = {115},
	issn = {1520-6106, 1520-5207},
	%url = {https://pubs.acs.org/doi/10.1021/jp107130m},
	doi = {10.1021/jp107130m},
	language = {en},
	number = {2},
	%urldate = {2022-07-18},
	journal = {J. Phys. Chem. B},
	author = {Shapiro, Yury E. and Polimeno, Antonino and Freed, Jack H. and Meirovitch, Eva},
	%month = jan,
	year = {2011},
	pages = {354--365},
}

@article{2012_Best,
    author = {Best, R. B. and Zhu, X. and Shim, J. and Lopes, P. E. M. and Mittal, J. and Feig, M. and Mackerell, A. D.},
    title = {Optimization of the Additive {CHARMM} All-Atom Protein Force Field Targeting Improved Sampling of the Backbone $\phi$, $\psi$ and Side-Chain $\chi$ 1 and $\chi$ 2 Dihedral Angles},
    journal = {J. Chem. Theory Comput.},
    year = {2012},
    volume = {8},
    pages = {3257–3273},
}

@article{2012_Dumez,
	title = {A first-principles description of proton-driven spin diffusion},
	volume = {14},
	issn = {1463-9076, 1463-9084},
	%url = {http://xlink.rsc.org/?DOI=C1CP22662B},
	doi = {10.1039/C1CP22662B},
	language = {en},
	number = {1},
	%urldate = {2021-05-08},
	journal = {Phys. Chem. Chem. Phys.},
	author = {Dumez, Jean-Nicolas and Halse, Meghan E. and Butler, Mark C. and Emsley, Lyndon},
	year = {2012},
	pages = {86--89},
}

@article{2012_Jeschke,
	title = {{DEER} {Distance} {Measurements} on {Proteins}},
	volume = {63},
	issn = {0066-426X, 1545-1593},
	%url = {http://www.annualreviews.org/doi/10.1146/annurev-physchem-032511-143716},
	doi = {10.1146/annurev-physchem-032511-143716},
	language = {en},
	number = {1},
	%urldate = {2021-05-12},
	journal = {Annu. Rev. Phys. Chem.},
	author = {Jeschke, Gunnar},
	year = {2012},
	pages = {419--446},
}


@article{2012_Reginsson,
	title = {Trityl {Radicals}: {Spin} {Labels} for {Nanometer}-{Distance} {Measurements}},
	volume = {18},
	issn = {09476539},
	shorttitle = {Trityl {Radicals}},
	%url = {https://onlinelibrary.wiley.com/doi/10.1002/chem.201203014},
	doi = {10.1002/chem.201203014},
	language = {en},
	number = {43},
	%urldate = {2022-07-10},
	journal = {Chem. Eur. J.},
	author = {Reginsson, Gunnar W. and Kunjir, Nitin C. and Sigurdsson, Snorri Th. and Schiemann, Olav},
	%month = oct,
	year = {2012},
	pages = {13580--13584},
}

@article{2012_Wedge,
    title = {Chemical Engineering of Molecular Qubits},
    author = {Wedge, C. J. and Timco, G. A. and Spielberg, E. T. and George, R. E. and Tuna, F. and Rigby, S. and McInnes, E. J. L. and Winpenny, R. E. P. and Blundell, S. J. and Ardavan, A.},
    journal = {Phys. Rev. Lett.},
    volume = {108},
    pages = {107204},
    numpages = {5},
    year = {2012},
    doi = {10.1103/PhysRevLett.108.107204},
}

@article{2012_Witzel,
    title = { Quantum Decoherence of the Central Spin in a Sparse System of Dipolar Coupled Spins},
    author = {Witzel, W. M. and Carroll, M. S. and Cywi{\'n}ski, {\L}. and Das Sarma, S},  
    journal  = {Phys. Rev. B},
    year = {2012},
    volume = {86}, 
    pages = {035452},
}


@article{2012_Yang,
	title = {Pulsed {ESR} {Dipolar} {Spectroscopy} for {Distance} {Measurements} in {Immobilized} {Spin} {Labeled} {Proteins} in {Liquid} {Solution}},
	volume = {134},
	issn = {0002-7863, 1520-5126},
	%url = {https://pubs.acs.org/doi/10.1021/ja303791p},
	doi = {10.1021/ja303791p},
	language = {en},
	number = {24},
	%urldate = {2022-07-10},
	journal = {J. Am. Chem. Soc.},
	author = {Yang, Zhongyu and Liu, Yangping and Borbat, Peter and Zweier, Jay L. and Freed, Jack H. and Hubbell, Wayne L.},
	%month = jun,
	year = {2012},
	pages = {9950--9952},
}

@article{2013_Borbat,
	title = {Improved {Sensitivity} for {Long}-{Distance} {Measurements} in {Biomolecules}: {Five}-{Pulse} {Double} {Electron}–{Electron} {Resonance}},
	volume = {4},
	issn = {1948-7185, 1948-7185},
	shorttitle = {Improved {Sensitivity} for {Long}-{Distance} {Measurements} in {Biomolecules}},
	%url = {https://pubs.acs.org/doi/10.1021/jz301788n},
	doi = {10.1021/jz301788n},
	language = {en},
	number = {1},
	%urldate = {2022-07-08},
	journal = {J. Phys. Chem. Lett.},
	author = {Borbat, Peter P. and Georgieva, Elka R. and Freed, Jack H.},
	%month = jan,
	year = {2013},
	pages = {170--175},
}

@article{2013_Dhimitruka,
	title = {Phosphonated {Trityl} {Probes} for {Concurrent} in {Vivo} {Tissue} {Oxygen} and {pH} {Monitoring} {Using} {Electron} {Paramagnetic} {Resonance}-{Based} {Techniques}},
	volume = {135},
	issn = {0002-7863, 1520-5126},
	%url = {https://pubs.acs.org/doi/10.1021/ja401572r},
	doi = {10.1021/ja401572r},
	language = {en},
	number = {15},
	%urldate = {2022-07-06},
	journal = {J. Am. Chem. Soc.},
	author = {Dhimitruka, Ilirian and Bobko, Andrey A. and Eubank, Timothy D. and Komarov, Denis A. and Khramtsov, Valery V.},
	%month = apr,
	year = {2013},
	pages = {5904--5910},
}

@article{2013_Mentink-Vigier,
	title = {Increasing sensitivity of pulse {EPR} experiments using echo train detection schemes},
	volume = {236},
	issn = {10907807},
	%url = {https://linkinghub.elsevier.com/retrieve/pii/S1090780713002085},
	doi = {10.1016/j.jmr.2013.08.012},
	language = {en},
	%urldate = {2022-07-10},
	journal = {J. Magn. Reson.},
	author = {Mentink-Vigier, F. and Collauto, A. and Feintuch, A. and Kaminker, I. and Tarle, V. and Goldfarb, D.},
	%month = nov,
	year = {2013},
	pages = {117--125},
}

@article{2013_Morley,
	title = {Quantum control of hybrid nuclear–electronic qubits},
	volume = {12},
	issn = {1476-1122, 1476-4660},
	%url = {http://www.nature.com/articles/nmat3499},
	doi = {10.1038/nmat3499},
	language = {en},
	number = {2},
	%urldate = {2021-05-09},
	journal = {Nat. Mater.},
	author = {Morley, Gavin W. and Lueders, Petra and Hamed Mohammady, M. and Balian, Setrak J. and Aeppli, Gabriel and Kay, Christopher W. M. and Witzel, Wayne M. and Jeschke, Gunnar and Monteiro, Tania S.},
	%month = feb,
	year = {2013},
	pages = {103--107},
}


@article{2013_Vugmeyster,
	title = {Glassy {Dynamics} of {Protein} {Methyl} {Groups} {Revealed} by {Deuteron} {NMR}},
	volume = {117},
	issn = {1520-6106, 1520-5207},
	%url = {https://pubs.acs.org/doi/10.1021/jp311112j},
	doi = {10.1021/jp311112j},
	language = {en},
	number = {4},
	%urldate = {2022-07-18},
	journal = {J. Phys. Chem. B},
	author = {Vugmeyster, Liliya and Ostrovsky, Dmitry and Penland, Kirsten and Hoatson, Gina L. and Vold, Robert L.},
	%month = jan,
	year = {2013},
	pages = {1051--1061},
}

@article{2014_Edwards,
    title = {Quantum Mechanical NMR Simulation Algorithm for Protein-Size Spin Systems},
    author = {Edwards, L. J. and Savostyanov, D. V. and Welderufael, Z. T. and Lee, D. and Kuprov, I.}, 
    journal = {J. Magn. Reson.},
    year = {2014},
    volume = {243},
    pages = {107-113},
}
  
@article{2014_ElMkami,
	title = {The spatial effect of protein deuteration on nitroxide spin-label relaxation: {Implications} for {EPR} distance measurement},
	volume = {248},
	issn = {10907807},
	shorttitle = {The spatial effect of protein deuteration on nitroxide spin-label relaxation},
	%url = {https://linkinghub.elsevier.com/retrieve/pii/S109078071400247X},
	doi = {10.1016/j.jmr.2014.09.010},
	language = {en},
	%urldate = {2022-07-08},
	journal = {J. Magn. Reson.},
	author = {El Mkami, Hassane and Ward, Richard and Bowman, Andrew and Owen-Hughes, Tom and Norman, David G.},
	%month = nov,
	year = {2014},
	pages = {36--41},
}


@article{2014_Graham,
	title = {Influence of {Electronic} {Spin} and {Spin}–{Orbit} {Coupling} on {Decoherence} in {Mononuclear} {Transition} {Metal} {Complexes}},
	volume = {136},
	issn = {0002-7863, 1520-5126},
	%url = {https://pubs.acs.org/doi/10.1021/ja5037397},
	doi = {10.1021/ja5037397},
	language = {en},
	number = {21},
	%urldate = {2021-05-12},
	journal = {J. Am. Chem. Soc.},
	author = {Graham, Michael J. and Zadrozny, Joseph M. and Shiddiq, Muhandis and Anderson, John S. and Fataftah, Majed S. and Hill, Stephen and Freedman, Danna E.},
	%month = may,
	year = {2014},
	pages = {7623--7626},
}
  
@article{2014_Hall,
	title = {Analytic solutions to the central-spin problem for nitrogen-vacancy centers in diamond},
	volume = {90},
	issn = {1098-0121, 1550-235X},
	doi = {10.1103/PhysRevB.90.075201},
	language = {en},
	number = {7},
	journal = {Phys. Rev. B},
	author = {Hall, L. T. and Cole, J. H. and Hollenberg, L. C. L.},
	%month = aug,
	year = {2014},
	pages = {075201},
}

@article{2014_Ma,
    title = {Uncovering Many-Body Correlations in Nanoscale Nuclear Spin Baths by Central Spin Decoherence},
    author = {Ma, W.-L. and Wolfowicz, G. and Zhao, N. and Li, S.-S. and Morton, J. J. L. and Liu, R.-B.},  
    journal = {Nat. Commun.},
    year = {2014},
    volume = {5}, 
    pages = {4822},
}

@article{2014_Raitsimring,
	title = {Zero field splitting fluctuations induced phase relaxation of {Gd3}+ in frozen solutions at cryogenic temperatures},
	volume = {248},
	issn = {10907807},
	%url = {https://linkinghub.elsevier.com/retrieve/pii/S1090780714002493},
	doi = {10.1016/j.jmr.2014.09.012},
	language = {en},
	%urldate = {2022-07-10},
	journal = {J. Magn. Reson.},
	author = {Raitsimring, A. and Dalaloyan, A. and Collauto, A. and Feintuch, A. and Meade, T. and Goldfarb, D.},
	%month = nov,
	year = {2014},
	pages = {71--80},
}

@incollection{2015_Feintuch,
	title = {Gd3+ {Spin} {Labeling} for {Measuring} {Distances} in {Biomacromolecules}},
	volume = {563},
	isbn = {978-0-12-802834-6},
	%url = {https://linkinghub.elsevier.com/retrieve/pii/S0076687915004103},
	language = {en},
	%urldate = {2022-07-10},
	booktitle = {Methods in {Enzymology}},
	publisher = {Elsevier},
	author = {Feintuch, Akiva and Otting, Gottfried and Goldfarb, Daniella},
	year = {2015},
	doi = {10.1016/bs.mie.2015.07.006},
	pages = {415--457},
}

@article{2015_Spindler,
	title = {Carr–{Purcell} {Pulsed} {Electron} {Double} {Resonance} with {Shaped} {Inversion} {Pulses}},
	volume = {6},
	issn = {1948-7185, 1948-7185},
	%url = {https://pubs.acs.org/doi/10.1021/acs.jpclett.5b01933},
	doi = {10.1021/acs.jpclett.5b01933},
	language = {en},
	number = {21},
	%urldate = {2022-07-08},
	journal = {J. Phys. Chem. Lett.},
	author = {Spindler, Philipp E. and Waclawska, Izabela and Endeward, Burkhard and Plackmeyer, Jörn and Ziegler, Christine and Prisner, Thomas F.},
	%month = nov,
	year = {2015},
	pages = {4331--4335},
}

@article{2015_Zadrozny,
    title = {Millisecond Coherence Time in a Tunable Molecular Electronic Spin Qubit},
    author = {Zadrozny, J. M. and Niklas, J. and Poluektov, O. G. and Freedman, D. E.},
    journal  = {ACS Cent. Sci.},
    year = {2015},
    volume = {1}, 
    pages = {488-492},
}


@article{2016_deOliveira,
	title = {Aminoxyl {Radicals} of {B}/{P} {Frustrated} {Lewis} {Pairs}: 
    {Refinement} of the {Spin}-{Hamiltonian} {Parameters} by {Field}- and 
    {Temperature}-{Dependent} {Pulsed} {EPR} {Spectroscopy}},
	volume = {11},
	issn = {1932-6203},
	shorttitle = {Aminoxyl {Radicals} of {B}/{P} {Frustrated} {Lewis} {Pairs}},
	%url = {https://dx.plos.org/10.1371/journal.pone.0157944},
	doi = {10.1371/journal.pone.0157944},
	language = {en},
	number = {6},
	%urldate = {2021-05-08},
	journal = {PLoS ONE},
	author = {de Oliveira, Marcos and Knitsch, Robert and Sajid, Muhammad and 
    Stute, Annika and Elmer, Lisa-Maria and Kehr, Gerald and Erker, Gerhard and 
      Magon, Claudio J. and Jeschke, Gunnar and Eckert, Hellmut},
	editor = {Norman, David G.},
	%month = jun,
	year = {2016},
	pages = {e0157944},
}

@incollection{2016_Harmer,
	address = {Chichester, UK},
	title = {Hyperfine {Spectroscopy} - {ENDOR}},
	isbn = {978-0-470-03459-0}, % 978-0-470-05821-3
	%url = {http://doi.wiley.com/10.1002/9780470034590.emrstm1515},
	language = {en},
	%urldate = {2021-05-12},
	booktitle = {{eMagRes}},
	publisher = {John Wiley \& Sons, Ltd},
	author = {Harmer, Jeffrey R.},
	editor = {Harris, Robin K. and Wasylishen, Roderick L.},
	%month = dec,
	year = {2016},
	doi = {10.1002/9780470034590.emrstm1515},
	pages = {1493--1514},
}

@article{2016_Schmidt,
    title = {Long Distance Measurements up to 160 Å in the GroEL Tetradecamer Using Q-Band DEER EPR 
    Spectroscopy},
    author = {Schmidt, T. and Wälti, M. A. and Baber, J. L. and Hustedt, E. J. and Clore, G. M.},  
    journal  = {Angew. Chem. Int. Ed.},
    year = {2016},
    volume = {55},
    pages = {15905-15909},
    doi = {10.1002/anie.201609617}
}


@article{2017_Breitgoff,
	title = {Artefact suppression in 5-pulse double electron electron resonance for distance distribution measurements},
	volume = {19},
	issn = {1463-9076, 1463-9084},
	%url = {http://xlink.rsc.org/?DOI=C7CP01488K},
	doi = {10.1039/C7CP01488K},
	language = {en},
	number = {24},
	%urldate = {2022-07-08},
	journal = {Phys. Chem. Chem. Phys.},
	author = {Breitgoff, Frauke D. and Soetbeer, Janne and Doll, Andrin and Jeschke, Gunnar and Polyhach, Yevhen O.},
	year = {2017},
	pages = {15766--15779},
}

@article{2017_Graham_synthetic,
	title = {Synthetic {Approach} {To} {Determine} the {Effect} of {Nuclear} {Spin} {Distance} on {Electronic} {Spin} {Decoherence}},
	volume = {139},
	issn = {0002-7863, 1520-5126},
	%url = {https://pubs.acs.org/doi/10.1021/jacs.6b13030},
	doi = {10.1021/jacs.6b13030},
	language = {en},
	number = {8},
	%urldate = {2022-07-07},
	journal = {J. Am. Chem. Soc.},
	author = {Graham, Michael J. and Yu, Chung-Jui and Krzyaniak, Matthew D. and Wasielewski, Michael R. and Freedman, Danna E.},
	%month = mar,
	year = {2017},
	pages = {3196--3201},
}

@article{2017_Graham,
	title = {Probing {Nuclear} {Spin} {Effects} on {Electronic} {Spin} {Coherence} via {EPR} {Measurements} of {Vanadium}({IV}) {Complexes}},
	volume = {56},
	issn = {0020-1669, 1520-510X},
	%url = {https://pubs.acs.org/doi/10.1021/acs.inorgchem.7b00794},
	doi = {10.1021/acs.inorgchem.7b00794},
	language = {en},
	number = {14},
	%urldate = {2021-05-08},
	journal = {Inorg. Chem.},
	author = {Graham, Michael J. and Krzyaniak, Matthew D. and Wasielewski, Michael R. and Freedman, Danna E.},
	%month = jul,
	year = {2017},
	pages = {8106--8113},
}


@article{2017_Khazaei,
	title = {Tunneling of coupled methyl quantum rotors in 4-methylpyridine: {Single} rotor potential versus coupling interaction},
	volume = {147},
	issn = {0021-9606, 1089-7690},
	shorttitle = {Tunneling of coupled methyl quantum rotors in 4-methylpyridine},
	%url = {http://aip.scitation.org/doi/10.1063/1.5003081},
	doi = {10.1063/1.5003081},
	language = {en},
	number = {19},
	%urldate = {2022-07-12},
	journal = {J. Chem. Phys.},
	author = {Khazaei, Somayeh and Sebastiani, Daniel},
	%month = nov,
	year = {2017},
	pages = {194303},
}

@article{2017_Lerbret,
	title = {Molecular {Packing}, {Hydrogen} {Bonding}, and {Fast} {Dynamics} in 
    {Lysozyme}/{Trehalose}/{Glycerol} and {Trehalose}/{Glycerol} {Glasses} at 
    {Low} {Hydration}},
	volume = {121},
	issn = {1520-6106, 1520-5207},
	%url = {https://pubs.acs.org/doi/10.1021/acs.jpcb.7b07082},
	doi = {10.1021/acs.jpcb.7b07082},
	language = {en},
	number = {40},
	%urldate = {2021-05-12},
	journal = {J. Phys. Chem. B},
	author = {Lerbret, Adrien and Affouard, Frédéric},
	%month = oct,
	year = {2017},
	pages = {9437--9451},
}

@article{2017_Lenz,
    title = {Quantitative Prediction of Nuclear-Spin-Diffusion- Limited Coherence Times of Molecular Quantum Bits Based on Copper(II)},
    author = {Lenz, S. and Bader, K. and Bamberger, H. and Van Slageren, J.},
    journal  = {Chem. Commun.},
    year = {2017},
    volume = {53}, 
    pages = {4477-4480},
}

@incollection{2017_VanDoorslaer,
	address = {Chichester, UK},
	title = {Hyperfine {Spectroscopy}: {ESEEM}},
	%isbn = {978-0-470-03459-0 978-0-470-05821-3},
	shorttitle = {Hyperfine {Spectroscopy}},
	%url = {http://doi.wiley.com/10.1002/9780470034590.emrstm1517},
	language = {en},
	%urldate = {2021-05-12},
	booktitle = {{eMagRes}},
	publisher = {John Wiley \& Sons, Ltd},
	author = {Van Doorslaer, Sabine},
	editor = {Harris, Robin K. and Wasylishen, Roderick L.},
	%month = {mar},
	year = {2017},
  doi = {10.1002/9780470034590.emrstm1517},
	pages = {51--70},
}

@article{2017_Yang_quantum,
	title = {Quantum many-body theory for electron spin decoherence in nanoscale nuclear spin baths},
	volume = {80},
	issn = {0034-4885, 1361-6633},
	%url = {https://iopscience.iop.org/article/10.1088/0034-4885/80/1/016001},
	doi = {10.1088/0034-4885/80/1/016001},
	language = {en},
	number = {1},
	%urldate = {2020-08-25},
	journal = {Rep. Prog. Phys.},
	author = {Yang, Wen and Ma, Wen-Long and Liu, Ren-Bao},
	%month = jan,
	year = {2017},
	pages = {016001},
}


@incollection{2018_Bennati,
  author = {Bennati, Marina},
  title = {EPR Interactions -- Hyperfine Coupling},
  editor = {Stoll, Stefan and Goldfarb, Daniella},
  address = {Newark},
  booktitle = {EPR Spectroscopy},
  isbn = {1119162998},
  keywords = {Electron paramagnetic resonance spectroscopy ; Spectrum analysis},
  language = {eng},
  publisher = {John Wiley \& Sons, Incorporated},
  series = {eMagRes books},
  title = {EPR Spectroscopy: Fundamentals and Methods},
  year = {2018},
}

@incollection{2018_Neese,
  author = {Neese, Frank},
  title = {Quantum Chemistry and EPR Parameters},
  editor = {Stoll, Stefan and Goldfarb, Daniella},
  address = {Newark},
  booktitle = {EPR Spectroscopy},
  isbn = {1119162998},
  keywords = {Electron paramagnetic resonance spectroscopy ; Spectrum analysis},
  language = {eng},
  publisher = {John Wiley \& Sons, Incorporated},
  series = {eMagRes books},
  title = {EPR Spectroscopy: Fundamentals and Methods},
  year = {2018},
}

@incollection{2018_Stoll_Goldfarb,
  author = {Stoll, Strefan and Goldfarb, Daniella},
  title = {EPR Interactions -- Nuclear Quadrupole Coupling},
  editor = {Stoll, Stefan and Goldfarb, Daniella},
  address = {Newark},
  booktitle = {EPR Spectroscopy},
  isbn = {1119162998},
  keywords = {Electron paramagnetic resonance spectroscopy ; Spectrum analysis},
  language = {eng},
  publisher = {John Wiley \& Sons, Incorporated},
  series = {eMagRes books},
  title = {EPR Spectroscopy: Fundamentals and Methods},
  year = {2018},
}


@article{2018_Perras,
	title = {Large-scale \textit{ab initio} simulations of {MAS} {DNP} enhancements using a {Monte} {Carlo} optimization strategy},
	volume = {149},
	issn = {0021-9606, 1089-7690},
	%url = {http://aip.scitation.org/doi/10.1063/1.5042651},
	doi = {10.1063/1.5042651},
	language = {en},
	number = {15},
	%urldate = {2021-05-08},
	journal = {J. Chem. Phys.},
	author = {Perras, Fr{\'e}d{\'e}ric A. and Pruski, Marek},
	%month = oct,
	year = {2018},
	pages = {154202},
}


@article{2018_Reslan,
	title = {The effect of deuterium oxide on the conformational stability and aggregation of bovine serum albumin},
	volume = {23},
	issn = {1083-7450, 1097-9867},
	%url = {https://www.tandfonline.com/doi/full/10.1080/10837450.2016.1268157},
	doi = {10.1080/10837450.2016.1268157},
	language = {en},
	number = {10},
	%urldate = {2022-07-10},
	journal = {Pharm. Dev. Technol.},
	author = {Reslan, Mouhamad and Kayser, Veysel},
	%month = nov,
	year = {2018},
	pages = {1030--1036},
}

@article{2018_Soetbeer,
    title = {Dynamical decoupling of nitroxides in o-terphenyl: a study of temperature, deuteration and concentration effects},
    author = {Soetbeer, Janne and Hülsmann, Miriam and Godt, Adelheid and Polyhach, Yevhen and Jeschke, Gunnar},
    journal = {Phys. Chem. Chem. Phys.},
    year = {2018},
    volume = {20},
    pages = {1615-1628}
}


@article{2019_Atzori,
	title = {The {Second} {Quantum} {Revolution}: {Role} and {Challenges} of {Molecular} {Chemistry}},
	volume = {141},
	issn = {0002-7863, 1520-5126},
	shorttitle = {The {Second} {Quantum} {Revolution}},
	%url = {https://pubs.acs.org/doi/10.1021/jacs.9b00984},
	doi = {10.1021/jacs.9b00984},
	language = {en},
	number = {29},
	%urldate = {2022-07-06},
	journal = {J. Am. Chem. Soc.},
	author = {Atzori, Matteo and Sessoli, Roberta},
	%month = jul,
	year = {2019},
	pages = {11339--11352},
	}


@article{2019_Bahrenberg,
	title = {{rDEER}: {A} {Modified} {DEER} {Sequence} for {Distance} {Measurements} {Using} {Shaped} {Pulses}},
	volume = {5},
	issn = {2312-7481},
	shorttitle = {{rDEER}},
	%url = {https://www.mdpi.com/2312-7481/5/1/20},
	doi = {10.3390/magnetochemistry5010020},
	language = {en},
	number = {1},
	%urldate = {2022-07-10},
	journal = {Magnetochemistry},
	author = {Bahrenberg, Thorsten and Yang, Yin and Goldfarb, Daniella and Feintuch, Akiva},
	%month = mar,
	year = {2019},
	pages = {20},
}

@article{2019_Giannoulis,
	title = {{DEER} distance measurements on trityl/trityl and {Gd}( {\textless}span style="font-variant:small-caps;"{\textgreater}iii{\textless}/span{\textgreater} )/trityl labelled proteins},
	volume = {21},
	issn = {1463-9076, 1463-9084},
	%shorttitle = {{DEER} distance measurements on trityl/trityl and {Gd}( {\textless}span style="font-variant},
	%url = {http://xlink.rsc.org/?DOI=C8CP07249C},
	doi = {10.1039/C8CP07249C},
	language = {en},
	number = {20},
	%urldate = {2022-07-10},
	journal = {Phys. Chem. Chem. Phys.},
	author = {Giannoulis, Angeliki and Yang, Yin and Gong, Yan-Jun and Tan, Xiaoli and Feintuch, Akiva and Carmieli, Raanan and Bahrenberg, Thorsten and Liu, Yangping and Su, Xun-Cheng and Goldfarb, Daniella},
	year = {2019},
	pages = {10217--10227},
}

@article{2019_Kveder,
    title = {A Quantum Many Body Model for the Embedded Electron Spin Decoherence in Organic Solids},
    author = {Kveder, M. and Rakvin, B. and You, J.},  
    journal  = {J. Chem. Phys.},
    year = {2019},
    volume = {151}, 
    pages = {164124},
}

@article{2019_Lunghi,
    title = {Electronic Spin-Spin Decoherence Contribution in Molecular Qubits by Quantum Unitary Spin Dynamics},
    author = {Lunghi, A. and Sanvito, S.},  
    journal  = {J. Magn. Magn. Mater.},
    year = {2019},
    volume = {487},
    pages = {165325},
}

@article{2019_Jackson,
	title = {Nuclear-spin-pattern control of electron-spin dynamics in a 
           series of {V}( {\textless}span style="font-variant:small-caps;"
               {\textgreater}iv{\textless}/span{\textgreater} ) complexes},
	volume = {10},
	issn = {2041-6520, 2041-6539},
	%shorttitle = {Nuclear-spin-pattern control of electron-spin dynamics in a 
  %b              series of {V}( {\textless}span style="font-variant},
	%url = {http://xlink.rsc.org/?DOI=C9SC02899D},
	doi = {10.1039/C9SC02899D},
	language = {en},
	number = {36},
	%urldate = {2022-07-06},
	journal = {Chem. Sci.},
	author = {Jackson, Cassidy E. and Lin, Chun-Yi and Johnson, Spencer H. and van Tol, Johan and Zadrozny, Joseph M.},
	year = {2019},
	pages = {8447--8454},
}


@book{2019_Grumbling,
	address = {Washington, D.C.},
	title = {Quantum {Computing}: {Progress} and {Prospects}},
	isbn = {978-0-309-47969-1},
	shorttitle = {Quantum {Computing}},
	language = {en},
	publisher = {National Academies Press},
	author = {{Committee on Technical Assessment of the Feasibility and Implications of Quantum Computing} and {Computer Science and Telecommunications Board} and {Intelligence Community Studies Board} and {Division on Engineering and Physical Sciences} and {National Academies of Sciences, Engineering, and Medicine}},
	editor = {Grumbling, Emily and Horowitz, Mark},
	%month = mar,
	year = {2019},
	doi = {10.17226/25196},
	note = {Pages: 25196},
}

@article{2019_Tan,
	title = {Three-spin solid effect and the spin diffusion barrier in amorphous solids},
	volume = {5},
	issn = {2375-2548},
	%url = {https://advances.sciencemag.org/lookup/doi/10.1126/sciadv.aax2743},
	doi = {10.1126/sciadv.aax2743},
	language = {en},
	number = {7},
	%urldate = {2021-05-08},
	journal = {Sci. Adv.},
	author = {Tan, Kong Ooi and Mardini, Michael and Yang, Chen and Ardenkjær-Larsen, Jan Henrik and Griffin, Robert G.},
	%month = jul,
	year = {2019},
	pages = {eaax2743},
}


@article{2019_Yardeni,
	title = {Probing the solution structure of the {E}. coli multidrug transporter {MdfA} using {DEER} distance measurements with nitroxide and {Gd}({III}) spin labels},
	volume = {9},
	issn = {2045-2322},
	%url = {http://www.nature.com/articles/s41598-019-48694-0},
	doi = {10.1038/s41598-019-48694-0},
	language = {en},
	number = {1},
	%urldate = {2022-07-10},
	journal = {Sci Rep},
	author = {Yardeni, Eliane H. and Bahrenberg, Thorsten and Stein, Richard A. and Mishra, Smriti and Zomot, Elia and Graham, Bim and Tuck, Kellie L. and Huber, Thomas and Bibi, Eitan and Mchaourab, Hassane S. and Goldfarb, Daniella},
	%month = dec,
	year = {2019},
	pages = {12528},
}

@article{2019_You,
    title = {Matrix Material Structure Dependence of the Embedded Electron Spin Decoherence},
    author = {You, J. and Carić, D. and Rakvin, B. and Štefanić, Z. and Užarević, K. and Kveder, M. },  
    journal  = {J. Chem. Phys.},
    year = {2019},
    volume = {150}, 
    pages = {164124},
}


@article{2020_Canarie,
    title = {Quantitative Structure-Based Prediction of Electron Spin Decoherence in Organic Radicals},
    author = {Canarie, E. R. and Jahn, S. M. and Stoll, S.},
    journal  = {J. Phys. Chem. Lett.},
    year = {2020},
    volume = {11},
    pages = {3396-3400},
}

@article{2020_Daniel,
  title={Exact solutions of Mathieu’s equation},
  author={Derek J. Daniel},
  journal={Prog. Theor. Exp. Phys.},
  year={2020},
  volume={2020}
}

@article{2020_Hoffmann,
	title = {Predicting {NMR} relaxation of proteins from molecular dynamics simulations with accurate methyl rotation barriers},
	volume = {152},
	issn = {0021-9606, 1089-7690},
	%url = {http://aip.scitation.org/doi/10.1063/1.5135379},
	doi = {10.1063/1.5135379},
	language = {en},
	number = {8},
	journal = {J. Chem. Phys.},
	author = {Hoffmann, Falk and Mulder, Frans A. A. and Schäfer, Lars V.},
	%month = feb,
	year = {2020},
	pages = {084102},
}

@article{2020_Mindarava,
	title = {Synthesis and coherent properties of {13C}-enriched sub-micron diamond particles with nitrogen vacancy color centers},
	author = {Mindarava, Yuliya and Blinder, Rémi and Liu, Yan and Scheuer, Jochen and Lang, Johannes and Agafonov, Viatcheslav and Davydov, Valery A. and Laube, Christian and Knolle, Wolfgang and Abel, Bernd and Naydenov, Boris and Jelezko, Fedor},
	journal = {Carbon},
	year = {2020},
	volume = {165},
	pages = {395-403},
	doi = {10.1016/j.carbon.2020.04.071},
}

@article{2020_Simenas,
	title = {Magnetic excitation and readout of methyl group tunnel coherence},
	volume = {6},
	issn = {2375-2548},
	%url = {https://advances.sciencemag.org/lookup/doi/10.1126/sciadv.aba1517},
	doi = {10.1126/sciadv.aba1517},
	language = {en},
	number = {18},
	%urldate = {2020-08-07},
	journal = {Sci. Adv.},
	author = {{\v S}im{\. e}nas, M. and Klose, D. and Ptak, M. and Aidas, K. and M\c aczka, M. and Banys, J. and P\"oppl, A. and Jeschke, G.},
%	author = {Šimėnas, M. and Klose, D. and Ptak, M. and Aidas, K. and M\c aczka, M. and Banys, J. and P\"oppl, A. and Jeschke, G.},
	%month = may,
	year = {2020},
	pages = {eaba1517},
}

@article{2020_Yang_longitudinal,
	title = {Longitudinal relaxation of a nitrogen-vacancy center in a spin bath by generalized cluster-correlation expansion method},
	volume = {413},
	issn = {00034916},
	%url = {https://linkinghub.elsevier.com/retrieve/pii/S0003491619303185},
	doi = {10.1016/j.aop.2019.168063},
	language = {en},
	%urldate = {2021-05-08},
	journal = {Ann. Phys.},
	author = {Yang, Zhi-Sheng and Wang, Yan-Xiang and Tao, Ming-Jie and Yang, Wen and Zhang, Mei and Ai, Qing and Deng, Fu-Guo},
	%month = feb,
	year = {2020},
	pages = {168063},
}

@article{2020_Zhang,
    title = {Cluster-Correlation Expansion for Studying Decoherence of Clock Transitions in Spin Baths},
    author = {Zhang, G.-L. and Ma, W.-L. and Liu, R.-B.},  
    journal  = {Phys. Rev. B},
    year = {2020},
    volume = {102}, 
    pages = {245303},
}


@article{2021_Bahrenberg,
    title = {The Decay of the Refocused Hahn Echo in Double Electron–Electron Resonance (DEER) Experiments},
    author = {Bahrenberg, T. and Jahn, S. M. and Feintuch, A. and Stoll, S. and Goldfarb, D.},  
    journal  = {Magn. Reson.},
    year = {2021},
    volume = {2}, 
    pages = {161-173},
}

@phdthesis{2021_Canarie,
    author = {Canarie, E. R.},
    title = {Fundamentals and Applications of Biological {EPR} Spectroscopy.},
    year = {2021},
    school = {University of Washington}
}

@article{2021_Ghosh,
	title = {Spin–spin interactions in defects in solids from mixed all-electron and pseudopotential first-principles calculations},
	volume = {7},
	issn = {2057-3960},
	url = {https://www.nature.com/articles/s41524-021-00590-w},
	doi = {10.1038/s41524-021-00590-w},
	language = {en},
	number = {1},
	urldate = {2023-07-29},
	journal = {npj Comput Mater},
	author = {Ghosh, Krishnendu and Ma, He and Onizhuk, Mykyta and Gavini, Vikram and Galli, Giulia},
	month = jul,
	year = {2021},
	pages = {123},
}

@article{2021_Gludeste,
  title={Wavelet resolved coherence beating in the Overhauser field of a thermal nuclear spin ensemble},
  author={Ekrem Taha G{\"u}ldeste and Ceyhun Bulutay},
  journal={Physical Review B},
  year={2021}
}

@article{2021_Kanai,
    title = {Generalized Scaling of Spin Qubit Coherence in over 12,000 Host Materials},
    author = {Kanai, S. and Heremans, F. J. and Seo, H. and Wolfowicz, G. and Anderson, C. P. and Sullivan, S. E. and Galli, G. and Awschalom, D. D. and Ohno, H.},  
    journal  = {arXiv},
    year = {2021},
    volume = {2102.02986},
    numpages = {24},
}


@article{2021_LeDantec,
	title = {Twenty-three–millisecond electron spin coherence of erbium ions in a natural-abundance crystal},
	volume = {7},
	issn = {2375-2548},
	url = {https://www.science.org/doi/10.1126/sciadv.abj9786},
	doi = {10.1126/sciadv.abj9786},
	number = {51},
	urldate = {2023-07-29},
	journal = {Sci. Adv.},
	author = {Le Dantec, Marianne and Rančić, Miloš and Lin, Sen and Billaud, Eric and Ranjan, Vishal and Flanigan, Daniel and Bertaina, Sylvain and Chanelière, Thierry and Goldner, Philippe and Erb, Andreas and Liu, Ren Bao and Estève, Daniel and Vion, Denis and Flurin, Emmanuel and Bertet, Patrice},
	month = dec,
	year = {2021},
	pages = {eabj9786},

}

@article{2021_Onizhuk,
	title = {Substrate-controlled dynamics of spin qubits in low dimensional van der {Waals} materials},
	volume = {118},
	issn = {0003-6951, 1077-3118},
	url = {https://aip.scitation.org/doi/10.1063/5.0048399},
	doi = {10.1063/5.0048399},

	language = {en},
	number = {15},
	urldate = {2021-05-08},
	journal = {Appl. Phys. Lett.},
	author = {Onizhuk, Mykyta and Galli, Giulia},
	month = apr,
	year = {2021},
	pages = {154003},

}

@article{2021_Soetbeer,
	title = {Regularized dynamical decoupling noise spectroscopy – a decoherence descriptor for radicals in glassy matrices},
	volume = {23},
	issn = {1463-9076, 1463-9084},
	%url = {http://xlink.rsc.org/?DOI=D1CP03103A},
	doi = {10.1039/D1CP03103A},
	language = {en},
	number = {38},
	%urldate = {2022-07-13},
	journal = {Phys. Chem. Chem. Phys.},
	author = {Soetbeer, Janne and Ibáñez, Luis Fábregas and Berkson, Zachariah and Polyhach, Yevhen and Jeschke, Gunnar},
	year = {2021},
	pages = {21664--21676},
}


@article{2022_Fazio,
	title = {Computational {Study} of the {Silicon} {Vacancy} in {3C}-{SiC} and {Perspectives} for {Quantum} {Technologies}},
	volume = {1062},
	issn = {1662-9752},
	url = {https://www.scientific.net/MSF.1062.309},
	doi = {10.4028/p-ka28ji},
	language = {en},
	urldate = {2023-07-21},
	journal = {MSF},
	author = {Fazio, Tommaso and Fisicaro, Giuseppe and Deretzis, Ioannis and Paladino, Elisabetta and La Magna, Antonino},
	month = may,
	year = {2022},
	pages = {309--314},
}

@article{2022_Jahn,
	title = {Mechanism of {Electron} {Spin} {Decoherence} in a {Partially} {Deuterated} {Glassy} {Matrix}},
	volume = {13},
	issn = {1948-7185, 1948-7185},
	doi = {10.1021/acs.jpclett.2c00939},
	language = {en},
	number = {24},
	%urldate = {2022-07-02},
	journal = {J. Phys. Chem. Lett.},
	author = {Jahn, Samuel M. and Canarie, Elizabeth R. and Stoll, Stefan},
	%month = jun,
	year = {2022},
	pages = {5474--5479},
}


@article{2022_Jeschke,
	title = {Rotational {Coupling} in {Methyl}-{Tunneling} {Electron} {Spin} {Echo} {Envelope} {Modulation}},
	volume = {53},
	issn = {0937-9347, 1613-7507},
	%url = {https://link.springer.com/10.1007/s00723-021-01375-6},
	doi = {10.1007/s00723-021-01375-6},
	language = {en},
	number = {3-5},
	%urldate = {2022-07-12},
	journal = {Appl Magn Reson},
	author = {Jeschke, Gunnar},
	%month = may,
	year = {2022},
	pages = {635--651},
}

@inproceedings{2022_Lee_dressed_state,
  title={Dressed-state control of effective dipolar interaction between strongly-coupled solid-state spins},
  author={Junghyun Lee and Mamiko Tatsuta and An-Ning Xu and Erik Bauch and Mark J. H. Ku and Ronald L. Walsworth},
  year={2022}
}

@article{2022_Lee_boron_nitride,
	title = {First-principles theory of extending the spin qubit coherence time in hexagonal boron nitride},
	volume = {6},
	issn = {2397-7132},
	url = {https://www.nature.com/articles/s41699-022-00336-2},
	doi = {10.1038/s41699-022-00336-2},
	language = {en},
	number = {1},
	urldate = {2023-07-21},
	journal = {npj 2D Mater Appl},
	author = {Lee, Jaewook and Park, Huijin and Seo, Hosung},
	month = sep,
	year = {2022},
	pages = {60},
}

@article{2022_Liu,
	title = {Coherent dynamics of multi-spin {V}$_\text{B}^-$ center in hexagonal boron nitride},
	volume = {13},
	issn = {2041-1723},
	url = {https://www.nature.com/articles/s41467-022-33399-2},
	doi = {10.1038/s41467-022-33399-2},	
	language = {en},
	number = {1},
	urldate = {2023-07-21},
	journal = {Nat Commun},
	author = {Liu, Wei and Ivády, Viktor and Li, Zhi-Peng and Yang, Yuan-Ze and Yu, Shang and Meng, Yu and Wang, Zhao-An and Guo, Nai-Jie and Yan, Fei-Fei and Li, Qiang and Wang, Jun-Feng and Xu, Jin-Shi and Liu, Xiao and Zhou, Zong-Quan and Dong, Yang and Chen, Xiang-Dong and Sun, Fang-Wen and Wang, Yi-Tao and Tang, Jian-Shun and Gali, Adam and Li, Chuan-Feng and Guo, Guang-Can},
	month = sep,
	year = {2022},
	pages = {5713},
}

@inproceedings{2022_Maile,
  title={Performance of quantum registers in diamond in the presence of spin impurities},
  author={Dominik Maile and Joachim Ankerhold},
  year={2022}
}

@article{2022_Park,
	title = {Decoherence of nitrogen-vacancy spin ensembles in a nitrogen electron-nuclear spin bath in diamond},
	volume = {8},
	issn = {2056-6387},
	url = {https://www.nature.com/articles/s41534-022-00605-4},
	doi = {10.1038/s41534-022-00605-4},
	language = {en},
	number = {1},
	urldate = {2023-07-21},
	journal = {npj Quantum Inf},
	author = {Park, Huijin and Lee, Junghyun and Han, Sangwook and Oh, Sangwon and Seo, Hosung},
	month = aug,
	year = {2022},
	pages = {95},
}

@article{2022_Rancic,
  title={Electron-spin spectral diffusion in an erbium doped crystal at millikelvin temperatures},
  author={Marko J. Rančić and Marianne Le Dantec and S. Lin and Sylvain Bertaina and Thierry Chanelière and Diana Serrano and Philippe Goldner and R. B. Liu and Emmanuel Flurin and Daniel Estève and Denis Vion and Patrice Bertet},
  journal={Phys. Rev. B},
  year={2022}
}

@article{2022_Sajid,
  title={Spin coherence times of point defects in two-dimensional materials from first principles},
  author={A. Sajid and Kristian Sommer Thygesen},
  journal={Phys. Rev. B},
  year={2022}
}

@article{2022_Sweger,
	title = {The effect of spin polarization on double electron–electron resonance ({DEER}) spectroscopy},
	volume = {3},
	issn = {2699-0016},
	language = {en},
	number = {1},
	%urldate = {2022-07-02},
	journal = {Magn. Reson.},
	author = {Sweger, Sarah R. and Denysenkov, Vasyl P. and Maibaum, Lutz and Prisner, Thomas F. and Stoll, Stefan},
	year = {2022},
	pages = {101--110},
}

@article{2023_Jeschke,
	title = {Nuclear pair electron spin echo envelope modulation},
	volume = {14-15},
	issn = {26664410},
	url = {https://linkinghub.elsevier.com/retrieve/pii/S266644102300002X},
	doi = {10.1016/j.jmro.2023.100094},
	language = {en},
	urldate = {2023-02-15},
  %journal = {Journal of Magnetic Resonance Open},
	journal = {J. Magn. Reson. Open},
	author = {Jeschke, G.},
	month = jun,
	year = {2023},
	pages = {100094},
}

@article{2023_Jeschke,
	title = {Nuclear pair electron spin echo envelope modulation},
	volume = {14-15},
	issn = {26664410},
	url = {https://linkinghub.elsevier.com/retrieve/pii/S266644102300002X},
	doi = {10.1016/j.jmro.2023.100094},
	language = {en},
	urldate = {2023-02-15},
	%journal = {Journal of Magnetic Resonance Open},
	journal = {J. Magn. Reson. Open},
	author = {Jeschke, G.},
	month = jun,
	year = {2023},
	pages = {100094},
}

@article{2023_Usevicius,
	title = {Probing {Methyl} {Group} {Tunneling} in [({CH3}){2NH2}][{Zn}({HCOO})3] {Hybrid} {Perovskite} {Using} {Co2}+ {EPR}},
	volume = {28},
	issn = {1420-3049},
	url = {https://www.mdpi.com/1420-3049/28/3/979},
	doi = {10.3390/molecules28030979},
	number = {3},
	urldate = {2023-03-08},
	journal = {Molecules},
	author = {Usevičius, Gediminas and Eggeling, Andrea and Pocius, Ignas and Kalendra, Vidmantas and Klose, Daniel and Mączka, Mirosław and Pöppl, Andreas and Banys, Jūras and Jeschke, Gunnar and Šimėnas, Mantas},
	month = jan,
	year = {2023},
	pages = {979},
}


@article{2023_Chen,
	title = {Long-lived electronic spin qubits in single-walled carbon nanotubes},
	volume = {14},
	issn = {2041-1723},
	url = {https://www.nature.com/articles/s41467-023-36031-z},
	doi = {10.1038/s41467-023-36031-z},
	language = {en},
	number = {1},
	urldate = {2023-07-21},
	journal = {Nat Commun},
	author = {Chen, Jia-Shiang and Trerayapiwat, Kasidet Jing and Sun, Lei and Krzyaniak, Matthew D. and Wasielewski, Michael R. and Rajh, Tijana and Sharifzadeh, Sahar and Ma, Xuedan},
	month = feb,
	year = {2023},
	pages = {848},
}


@misc{2023_Onizhuk,
	title = {Decoherence of {Nuclear} {Spins} in the {Proximity} of {Nitrogen} {Vacancy} {Centers} in {Diamond}},
	url = {http://arxiv.org/abs/2302.03257},

	language = {en},
	urldate = {2023-07-21},
	publisher = {arXiv},
	author = {Onizhuk, Mykyta and Galli, Giulia},
	month = feb,
	year = {2023},
	note = {arXiv:2302.03257 [quant-ph]},
	keywords = {Quantum Physics},

}

@online{CODATA_e,
  author = {NIST},
  title = {elementary charge},
  year = 2018,
  url = {https://www.physics.nist.gov/cgi-bin/cuu/Value?e},
  urldate = {2023-06-30}
}
@online{CODATA_gamma_e,
  author = {NIST},
  title = {electron gyromagnetic ratio},
  year = 2018,
  url = {https://physics.nist.gov/cgi-bin/cuu/Value?gammae},
  urldate = {2023-07-20}
}
@online{CODATA_ge,
  author = {NIST},
  title = {electron g factor},
  year = 2018,
  url = {https://www.physics.nist.gov/cgi-bin/cuu/Value?gem},
  urldate = {2023-06-30}
}

@online{CODATA_h,
  author = {NIST},
  title = {Planck constant},
  year = 2018,
  url = {https://www.physics.nist.gov/cgi-bin/cuu/Value?h},
  urldate = {2023-06-30}
}
@online{CODATA_hbar,
  author = {NIST},
  title = {reduced Planck constant},
  year = 2018,
  url = {https://www.physics.nist.gov/cgi-bin/cuu/Value?hbar},
  urldate = {2023-07-20}
}

@online{CODATA_muB,
  author = {NIST},
  title = {Bohr magneton},
  year = 2018,
  url = {https://www.physics.nist.gov/cgi-bin/cuu/Value?mub},
  urldate = {2023-06-30}
}


@online{CODATA_muN,
  author = {NIST},
  title = {nuclear magneton},
  year = 2018,
  url = {https://www.physics.nist.gov/cgi-bin/cuu/Value?mun},
  urldate = {2023-06-30}
}


@online{CODATA_mu0,
  author = {NIST},
  title = {vacuum magnetic permeability},
  year = 2018,
  url = {https://www.physics.nist.gov/cgi-bin/cuu/Value?mu0},
  urldate = {2023-06-30}
}

@online{maturin,
  author = {PyO3},
  title = {PyO3/maturin},
  url = {https://github.com/PyO3/maturin},
  urldate = {2023-07-08}
}

@online{rust,
  author = {Rust Foundation},
  title = {Rust A language empowering everyone to build reliable and efficient software.},
  url = {https://www.rust-lang.org/},
  urldate = {2023-07-08}
}
